<record><leader>00000cas a22000007a 4500</leader><controlfield tag="001">18251257</controlfield><controlfield tag="008">880721d187818uunyuwr ne      0    0eng d</controlfield><datafield ind1=" " ind2=" " tag="010"><subfield code="a">sn 88074567 </subfield></datafield><datafield ind1=" " ind2=" " tag="040"><subfield code="a">NYS</subfield><subfield code="b">eng</subfield><subfield code="c">NYS</subfield><subfield code="d">OCLCQ</subfield><subfield code="d">ZEM</subfield><subfield code="d">OCLCQ</subfield><subfield code="d">OCLCF</subfield><subfield code="d">OCLCO</subfield></datafield><datafield ind1="1" ind2=" " tag="029"><subfield code="a">AU@</subfield><subfield code="b">000020524422</subfield></datafield><datafield ind1=" " ind2=" " tag="042"><subfield code="a">msc</subfield></datafield><datafield ind1=" " ind2=" " tag="043"><subfield code="a">n-us-ny</subfield></datafield><datafield ind1="0" ind2="4" tag="245"><subfield code="a">The Asteroid.</subfield></datafield><datafield ind1="3" ind2="0" tag="246"><subfield code="a">Asteroid for the neighborhood, the village, and the town</subfield></datafield><datafield ind1="1" ind2="7" tag="246"><subfield code="a">Asteroid for the village</subfield></datafield><datafield ind1="1" ind2="7" tag="246"><subfield code="a">Asteroid for the town</subfield></datafield><datafield ind1=" " ind2=" " tag="260"><subfield code="a">Geneva, N.Y. :</subfield><subfield code="b">James Malette</subfield></datafield><datafield ind1=" " ind2=" " tag="300"><subfield code="a">v.</subfield></datafield><datafield ind1=" " ind2=" " tag="310"><subfield code="a">Weekly</subfield></datafield><datafield ind1="1" ind2=" " tag="362"><subfield code="a">Began in 1878?</subfield></datafield><datafield ind1=" " ind2=" " tag="500"><subfield code="a">Published as: Asteroid for the neighborhood, the village, and the town, &lt;Apr. 26, 1879&gt;.</subfield></datafield><datafield ind1=" " ind2=" " tag="588"><subfield code="a">Description based on: Vol. 2, no. 5 (Feb. 1, 1879).</subfield></datafield><datafield ind1=" " ind2="0" tag="651"><subfield code="a">Geneva (N.Y.)</subfield><subfield code="v">Newspapers.</subfield></datafield><datafield ind1=" " ind2="7" tag="655"><subfield code="a">Newspapers.</subfield><subfield code="2">fast</subfield><subfield code="0">(OCoLC)fst01423814</subfield></datafield><datafield ind1=" " ind2="7" tag="651"><subfield code="a">New York (State)</subfield><subfield code="z">Geneva.</subfield><subfield code="2">fast</subfield><subfield code="0">(OCoLC)fst01202948</subfield></datafield><datafield ind1=" " ind2=" " tag="752"><subfield code="a">United States</subfield><subfield code="b">New York</subfield><subfield code="c">Ontario</subfield><subfield code="d">Geneva.</subfield></datafield><datafield ind1="0" ind2="0" tag="785"><subfield code="t">News-letter, for the neighborhood, the village and the town</subfield><subfield code="w">(DLC)sn 88074568</subfield><subfield code="w">(OCoLC)18251247</subfield></datafield></record>